<?xml version="1.0" encoding="UTF-8"?><record xmlns="http://www.loc.gov/MARC21/slim" xmlns:cinclude="http://apache.org/cocoon/include/1.0" xmlns:zs="http://www.loc.gov/zing/srw/">
  <leader>00760cz  a2200169n  4500</leader>
  <controlfield tag="001">n  78030406 </controlfield>
  <controlfield tag="003">DLC</controlfield>
  <controlfield tag="005">20120808075729.0</controlfield>
  <controlfield tag="008">780606n| aaannaabn          |b ana      </controlfield>
  <datafield tag="010" ind1=" " ind2=" ">
    <subfield code="a">n  78030406 </subfield>
  </datafield>
  <datafield tag="035" ind1=" " ind2=" ">
    <subfield code="a">(OCoLC)oca00166674</subfield>
  </datafield>
  <datafield tag="040" ind1=" " ind2=" ">
    <subfield code="a">DLC</subfield>
    <subfield code="b">eng</subfield>
    <subfield code="c">DLC</subfield>
    <subfield code="d">OCoLC</subfield>
    <subfield code="d">DLC</subfield>
  </datafield>
  <datafield tag="110" ind1="2" ind2=" ">
    <subfield code="a">Gruppe für Raumplanung, Energiewirtschaft und Ökologie Ur</subfield>
  </datafield>
  <datafield tag="410" ind1="2" ind2=" ">
    <subfield code="a">Gruppe Ur</subfield>
  </datafield>
  <datafield tag="667" ind1=" " ind2=" ">
    <subfield code="a">THIS 1XX FIELD CANNOT BE USED UNDER RDA UNTIL THIS RECORD HAS BEEN REVIEWED AND/OR UPDATED</subfield>
  </datafield>
  <datafield tag="670" ind1=" " ind2=" ">
    <subfield code="a">Its Auswirkungen von Entwicklungen ... 1977:</subfield>
    <subfield code="b">t.p. (Gruppe für Raumplanung, Energiewirtschaft und Ökologie "ur", Zürich) verso t.p. (Federführung Ueli Roth) p. 9 (Gruppe ur)</subfield>
  </datafield>
  <datafield tag="670" ind1=" " ind2=" ">
    <subfield code="a">GFR 77-B17</subfield>
    <subfield code="b">(Grüppe für Raumplanung, Energiewirtschaft und Ökologie "ur")</subfield>
  </datafield>
</record>